@inproceedings{Olson:2013ko,
author = {Olson, Randal S and Knoester, David B and Adami, Christoph},
title = {{Critical interplay between density-dependent predation and evolution of the selfish herd}},
booktitle = {Proceedings of the Genetic and Evolutionary Computation Conference (GECCO)},
year = {2013},
publisher = {ACM},
month = jul
}

@article{Olson:2013kx,
author = {Olson, Randal S and Hintze, Arend and Dyer, Fred C and Knoester, David B and Adami, Christoph},
title = {{Predator confusion is sufficient to evolve swarming behaviour}},
journal = {Journal of The Royal Society Interface},
year = {2013},
volume = {10},
number = {85},
pages = {20130305--20130305},
month = aug
}

@inproceedings{Chapman:2013kf,
author = {Chapman, Samuel D and Knoester, David B and Hintze, Arend and Adami, Christoph},
title = {{Evolution of an Artificial Visual Cortex for Image Recognition}},
booktitle = {Advances in Artificial Life (ECAL)},
year = {2013},
pages = {1067--1074},
publisher = {MIT Press},
month = sep
}


@article{Edlund:2011kt,
author = {Edlund, Jeffrey A and Chaumont, Nicolas and Hintze, Arend and Koch, Christof and Tononi, Giulio and Adami, Christoph},
title = {{Integrated Information Increases with Fitness in the Evolution of Animats}},
journal = {PLoS Computational Biology},
year = {2011},
volume = {7},
number = {10},
pages = {e1002236},
month = oct
}

@incollection{Lohn:2004to,
author = {Lohn, J D and Hornby, G S and Linden, D S},
title = {{An evolved antenna for deployment on NASA's space technology 5 mission}},
booktitle = {Genetic Programming Theory and Practice II},
year = {2004},
editor = {O'Reilly, U M and Yu, T and Riolo, R and Worzel, B},
pages = {301--313},
publisher = {Springer}
}

@book{Goldberg:1989uj,
author = {Goldberg, David},
title = {{Genetic Algorithms in Search, Optimization and Machine Learning}},
publisher = {Addison-Wesley},
year = {1989},
address = {Boston, MA, USA},
annote = {Defn: Genetic Algorithm (GA)}
}

@book{Koza:2005wg,
author = {Koza, John R and Keane, Martin A and Streeter, Matthew J and Mydlowec, William and Yu, Jessen and Lanza, Guido},
title = {{Genetic Programming IV: Routine Human-Competitive Machine Intelligence}},
publisher = {Springer},
year = {2005},
series = {Genetic Programming}
}

@book{Eiben:2003tf,
author = {Eiben, Agoston E and Smith, Jim E},
title = {{Introduction to Evolutionary Computing}},
publisher = {Springer},
year = {2003}
}
